@BOOK{PBR,
	author = {Pharr, M. and Jakob, W. and Humphreys, G.},
	title = {{Physically Based Rendering, From Theory to Implementation}},
	publisher = {Morgan Kaufmann Publishers},
	edition = {3},
	year = {2016}
}

@INPROCEEDINGS{MLA,
	author = {Conty, A. and Kulla, C.},
	title = {{Importance Sampling of many Lights with Adaptive Tree Splitting}},
	booktitle = {SIGGRAPH '17 Talks},
	year = {2017},
	url = {https://docs.google.com/viewer?a=v&pid=sites&srcid=ZGVmYXVsdGRvbWFpbnxja3VsbGF8Z3g6NjNmMDkxZmRjZDQ5NWY0MQ}
}

@MISC{MLS,
	author = {Conty, A. and Kulla, C.},
	title = {{Importance Sampling of many Lights with Adaptive Tree Splitting Slides}},
	howpublished = {Presentation in SIGGRAPH '17},
	year = {2017},
	url = {https://docs.google.com/viewer?a=v&pid=sites&srcid=ZGVmYXVsdGRvbWFpbnxja3VsbGF8Z3g6NWM0NmU2YWVlNjE3ODk1Yw}
}

@PROCEEDINGS{LCT,
	author = {Walter, B. and Fernandez, S. and Adam, A. and Bala, K. and Donikian, M and Greenberg, D.},
	title = {{Lightcuts: a scalable approach to illumination}},
	year = {2005},
	publisher = {ACM SIGGRAPH 2005 conference proceedings}
}

@BOOK{PTTLS,
	author = {Jaynes, E. T.},
	title = {Probability Theory: The Logic of Science},
	publisher = {Cambridge University Press},
	edition = {1},
	year = {2003}
}

@THESIS{RMCM,
	author = {Veach, E.},
	title = {Robust Monte Carlo Methods for Light Transport Simulation},
	year = {1997}
}

@ONLINE{RBI1,
	author = {Barnes, T.},
	title = {{Fast, branchless Ray/Bounding Box Intersections}},
	year = {2011},
	url = {https://tavianator.com/fast-branchless-raybounding-box-intersections/},
	urldate = {2018-08-09}
}

@ONLINE{RBI2,
	author = {Barnes, T.},
	title = {{Fast, branchless Ray/Bounding Box Intersections, Part 2: Nans}},
	year = {2015},
	url = {https://tavianator.com/fast-branchless-raybounding-box-intersections-part-2-nans/},
	urldate = {2018-08-09}
}

@MISC{SAPT,
	author = {Van Oosterom, A. and Strackee, J.},
	title = {{The Solid Angle of a Plane Triangle}},
	howpublished = {published in IEEE Transactions on Biomedical Engineering, Volume BME-30},
	year = {1983},
	pages = {125-126}
}

@online{BH6,
	author = {Volpe, J.},
	title = {Disney rendered its new animated film on a 55,000-core supercomputer},
	year = 2014,
	url = {https://www.engadget.com/2014/10/18/disney-big-hero-6/},
	urldate = {2018-08-13}
}

@PROCEEDINGS{JTK,
	author = {Kajiya, J.},
	title = {{The rendering question}},
	year = {1986},
	publisher = {ACM SIGGRAPH 1986 conference proceedings},
	pages = {143-150}
}

@online{PBRT,
	author = {Pharr, M. and Jakob, W. and Humphreys, G.},
	title = {PBRT source code},
	year = {2018},
	url = {https://www.pbrt.org/resources.html},
	urldate = {2018-08-13}
}

@online{NVIDIA,
	title = {NVIDIA developer website},
	year = {2018},
	url = {https://developer.nvidia.com/rtx},
	urldate = {2018-08-21}
}

@PROCEEDINGS{MLP,
	author = {Conty, A. and Kulla, C.},
	title = {{Importance Sampling of Many Lights with Adaptive Tree Splitting}},
	year = {2018},
	url = {http://www.aconty.com/pdf/many-lights-hpg2018.pdf}
}